@preamble{ "\newcommand{\noopsort}[1]{} "
	# "\newcommand{\printfirst}[2]{#1} "
	# "\newcommand{\singleletter}[1]{#1} "
	# "\newcommand{\switchargs}[2]{#2#1} " }
	
@techreport{Sauermann07,
    author = {Leo Sauermann and Richard Cyganiak and Max VÃ¶lkel},
    title = {Cool URIs for the semantic web},
    institution = {SaarlÃ¤ndische UniversitÃ¤ts- und Landesbibliothek},
    year = {2007},
    address = {Postfach 151141, 66041 SaarbrÃ¼cken},
    language = {eng},
    URL = {http://scidok.sulb.uni-saarland.de/volltexte/2011/3944},
}

@book{SWT,
   author =       {John Davis, Rudi Struder, Paul Warren},
   title =        {Semantic Web Technologies},
   year =         {2006},
   publisher = {Wiley}
}

@book{DuCharme,
    author = {DuCharme, Bob},
    title = {Learning SPARQL},
    year = {2011},
    isbn = {1449306594, 9781449306595},
    publisher = {O'Reilly Media, Inc.},
} 


@book{Brachman,
    author = { Ronald J. Brachman, Hector J. Levesque. },
    title = { Knowledge representation and reasoning },
    year = {2003},
    isbn = {1-55860-932-6}
}.

@book{FOL,
    author = {Prestel, Dellzell},
    title = {Mathematical Logic and Model Theory},
    year = {2011},
    isbn = {978-1-4471-2175-6}
}

@article{Shadbolt:2006:SWR:1155313.1155373,
 author = {Shadbolt, Nigel and Berners-Lee, Tim and Hall, Wendy},
 title = {The Semantic Web Revisited},
 journal = {IEEE Intelligent Systems},
 issue_date = {May 2006},
 volume = {21},
 number = {3},
 month = may,
 year = {2006},
 issn = {1541-1672},
 pages = {96--101},
 numpages = {6},
 url = {http://dx.doi.org/10.1109/MIS.2006.62},
 doi = {10.1109/MIS.2006.62},
 acmid = {1155373},
 publisher = {IEEE Educational Activities Department},
 address = {Piscataway, NJ, USA},
 keywords = {Semantic Web, Semantic Web, semantic networks, standards, e-science, Web services, Web services, e-science, semantic networks, standards},
} 
